@misc{condaforge2015,
    author= {conda-forge community},
    title = {{The conda-forge Project: Community-based Software
            Distribution Built on the conda Package Format
            and Ecosystem}},
    month        = jul,
    year         = 2015,
    publisher    = {Zenodo},
    doi          = {10.5281/zenodo.4774216},
    url          = {https://doi.org/10.5281/zenodo.4774216}
}

@conference{kluyver2016jupyter,
    Title = {Jupyter Notebooks -- a publishing format for reproducible
        computational workflows},
    Author = {Thomas Kluyver and Benjamin Ragan-Kelley and Fernando P{\'e}rez
        and Brian Granger and Matthias Bussonnier and Jonathan Frederic and
            Kyle Kelley and Jessica Hamrick and Jason Grout and Sylvain Corlay
            and Paul Ivanov and Dami{\'a}n Avila and Safia Abdalla and Carol
            Willing},
    Booktitle = {Positioning and Power in Academic Publishing: Players, Agents
        and Agendas},
    Editor = {F. Loizides and B. Schmidt},
    Organization = {IOS Press},
    Pages = {87 - 90},
    Year = {2016}
}

@article{gardner2021sustained,
    title={Sustained software development, not number of citations or journal
        choice, is indicative of accurate bioinformatic software},
    author={Gardner, Paul P and Paterson, James M and McGimpsey, Stephanie
        R and Ghomi, Fatemeh Ashari and Umu, Sinan U and Pawlik, Aleksandra
            and Gavryushkin, Alex and Black, Michael A},
    journal={bioRxiv},
    pages={092205},
    year={2021},
    publisher={Cold Spring Harbor Laboratory}
}

@article{harris2020array,
    title={Array programming with {NumPy}},
    author={Harris, Charles R and Millman, K Jarrod and van der Walt,
        St{\'e}fan J and Gommers, Ralf and Virtanen, Pauli and Cournapeau,
        David and Wieser, Eric and Taylor, Julian and Berg, Sebastian and
            Smith, Nathaniel J and others},
    journal={Nature},
    volume={585},
    number={7825},
    pages={357--362},
    year={2020},
    publisher={Nature Publishing Group}
}

@article{garud2015recent,
    title={Recent selective sweeps in North American Drosophila melanogaster
        show signatures of soft sweeps},
    author={Garud, Nandita R and Messer, Philipp W and Buzbas, Erkan O and
        Petrov, Dmitri A},
    journal={PLoS genetics},
    volume={11},
    number={2},
    pages={e1005004},
    year={2015},
    publisher={Public Library of Science San Francisco, CA USA}
}
